@misc{lu2020deep,
      title={Deep Learning for 3D Point Cloud Understanding: A Survey}, 
      author={Haoming Lu and Humphrey Shi},
      year={2021},
      eprint={2009.08920},
      archivePrefix={arXiv},
      primaryClass={cs.CV}
}

@inproceedings{ShapeNets,  
    author={Zhirong Wu and Song, Shuran and Khosla, Aditya and Fisher Yu and Linguang Zhang and Xiaoou Tang and Xiao, Jianxiong},  
    booktitle={2015 IEEE Conference on Computer Vision and Pattern Recognition (CVPR)},   title={3D ShapeNets: A deep representation for volumetric shapes},   
    year={2015},  
    volume={},  
    number={},  
    pages={1912-1920},  
    doi={10.1109/CVPR.2015.7298801}
}


@inproceedings{PointConv,
  author={Wu, Wenxuan and Qi, Zhongang and Fuxin, Li},
  booktitle={2019 IEEE/CVF Conference on Computer Vision and Pattern Recognition (CVPR)}, 
  title={PointConv: Deep Convolutional Networks on 3D Point Clouds}, 
  year={2019},
  volume={},
  number={},
  pages={9613-9622},
  doi={10.1109/CVPR.2019.00985}}

@article{Wang2019,
author = {Wang, Yue and Sun, Yongbin and Liu, Ziwei and Sarma, Sanjay E. and Bronstein, Michael M. and Solomon, Justin M.},
title = {Dynamic Graph CNN for Learning on Point Clouds},
year = {2019},
issue_date = {October 2019},
publisher = {Association for Computing Machinery},
address = {New York, NY, USA},
volume = {38},
number = {5},
issn = {0730-0301},
url = {https://doi.org/10.1145/3326362},
doi = {10.1145/3326362},
journal = {ACM Trans. Graph.},
month = {oct},
articleno = {146},
numpages = {12},
keywords = {classification, segmentation, Point cloud}
}
